@BOOK{notes,
AUTHOR={H. Kopka and P. W. Daly},
TITLE={A Guide to LaTeX},
PUBLISHER={Addison-Wesley},
ADDRESS={Reading, MA},
YEAR=1999.
}
@BOOK{ISFloor,
Author={Edgar Iavnov}
TITLE={A Guide LaTeX},
PUBLISHER={Addon-Wesley},
ADDRESS={Readi, MA},
YEAR=199.
}