\begin{thebibliography}{1}
\bibitem{History} http://www.aber.ac.uk/en/university/history/timelinepart1/
\bibitem{IS_Plan} Information Services. (2013, July 16). IS Floor Plan. Retrieved September 1, 2012, from Information Services intranet
\bibitem{Departments}Departments \& Services Academic Departments http://www.aber.ac.uk/en/departments/academic-department/
\bibitem{Departments2}Departments \& Services Service Departments http://www.aber.ac.uk/en/departments/service-departments/ retrieved \date{today} 
\bibitem{impj}  The Japan Reader {\em Imperial Japan 1800-1945} 1973:
Random House, N.Y.

\bibitem{norman} E. H. Norman {\em Japan's emergence as a modern
state} 1940: International Secretariat, Institute of Pacific
Relations.

\bibitem{fo} Bob Tadashi Wakabayashi {\em Anti-Foreignism and Western
Learning in Early-Modern Japan} 1986: Harvard University Press.

\end{thebibliography}
